@article{1smartfactory,
    title = {A Categorical Framework of Manufacturing for Industry 4.0 and Beyond},
    journal = {Procedia CIRP},
    volume = {52},
    pages = {173-178},
    year = {2016},
    note = {The Sixth International Conference on Changeable, Agile, Reconfigurable and Virtual Production (CARV2016)},
    issn = {2212-8271},
    doi = {https://doi.org/10.1016/j.procir.2016.08.005},
    url = {https://www.sciencedirect.com/science/article/pii/S221282711630854X},
    author = {Jian Qin and Ying Liu and Roger Grosvenor}
}

@article{4maintenanceTransformation,
    title = {Maintenance transformation through Industry 4.0 technologies: A systematic literature review},
    journal = {Computers in Industry},
    volume = {123},
    pages = {103335},
    year = {2020},
    issn = {0166-3615},
    doi = {https://doi.org/10.1016/j.compind.2020.103335},
    url = {https://www.sciencedirect.com/science/article/pii/S0166361520305698},
    author = {Luca Silvestri and Antonio Forcina and Vito Introna and Annalisa Santolamazza and Vittorio Cesarotti}
}

@article{3SystematicLiteratureReviewML,
    title = {A systematic literature review of machine learning methods applied to predictive maintenance},
    journal = {Computers \& Industrial Engineering},
    volume = {137},
    pages = {106024},
    year = {2019},
    issn = {0360-8352},
    doi = {https://doi.org/10.1016/j.cie.2019.106024},
    url = {https://www.sciencedirect.com/science/article/pii/S0360835219304838},
    author = {Thyago P. Carvalho and Fabrízzio A. A. M. N. Soares and Roberto Vita and Roberto da P. Francisco and João P. Basto and Symone G. S. Alcalá}
}

@article{2DataDrivenMaintenance,
  author={Zhang, Weiting and Yang, Dong and Wang, Hongchao},
  journal={IEEE Systems Journal}, 
  title={Data-Driven Methods for Predictive Maintenance of Industrial Equipment: A Survey}, 
  year={2019},
  volume={13},
  number={3},
  pages={2213-2227},
  doi={10.1109/JSYST.2019.2905565}
}


@article{5AnomalyDetectionSurvey,
	author = {{Kamat, Pooja} and {Sugandhi, Rekha}},
	title = {Anomaly Detection for Predictive Maintenance in Industry 4.0- A survey},
	DOI= "10.1051/e3sconf/202017002007",
	url= "https://doi.org/10.1051/e3sconf/202017002007",
	journal = {E3S Web Conf.},
	year = 2020,
	volume = 170,
	pages = "02007"
}
	

@article{6AnomalyIoTTimeSeries,
  author={Cook, Andrew A. and Mısırlı, Göksel and Fan, Zhong},
  journal={IEEE Internet of Things Journal}, 
  title={Anomaly Detection for IoT Time-Series Data: A Survey}, 
  year={2020},
  volume={7},
  number={7},
  pages={6481-6494},
  doi={10.1109/JIOT.2019.2958185}}
}

@article{7AnomalyDetectionUnsupervised,
  title={Anomaly Detection in Predictive Maintenance - Time Series Prediction, Training and Prediction without a class},
  author={ Rosaria Silipo and 
          Iris Adä and 
          Phil Winters},
  year={2018},
  publisher={KNIME AG}
}

@article{8AnomalyDetectionUnsupervised2,
  title={Anomaly Detection in Predictive Maintenance - Anomaly Detection with Time Series Analysis},
  author={ Rosaria Silipo and 
          Iris Adä and 
          Phil Winters},
  year={2014},
  publisher={KNIME AG}
}

@article{9UnsupervisedOnlineAnomalyDetectionMultivariate,
  author={Hsieh, Ruei-Jie and Chou, Jerry and Ho, Chih-Hsiang},
  booktitle={2019 IEEE 12th Conference on Service-Oriented Computing and Applications (SOCA)}, 
  title={Unsupervised Online Anomaly Detection on Multivariate Sensing Time Series Data for Smart Manufacturing}, 
  year={2019},
  volume={},
  number={},
  pages={90-97},
  doi={10.1109/SOCA.2019.00021}
}


@article{10Autoencoders,
  title={Autoencoders},
  author={Dor Bank and 
          Noam Koenigstein and
          Raja Giryes},
  year={2020},
  publisher={https://arxiv.org/abs/2003.05991}
}

@article{11PorscheStudy,
  title={Anticipate the Future - Listening to your assets significantly benefits your business},
  author={Joachim Kirsch and 
          Claus Lintz and
          Fabian Schmidt and
          Robert Heiler and
          Daniel Heinzler},
  year={2019},
  publisher={Porsche Consulting.}
}

@article{12MiseNuovoPianoTransizione,
  title={Nuovo Piano Nazionale Transizione 4.0 - Le misure si potenziano e diventano strutturali},
  author={Ministero dello Sviluppo Economico Italiano (MISE)},
  year={2020},
  publisher={https://www.mise.gov.it/index.php/it/transizione40}
}

@article{MFPT,
  title={Condition Based Maintenance Fault Database for Testing of Diagnostic and Prognostics Algorithms},
  author={Dr. Eric Bechhoefer},
  year={2020},
  publisher={https://www.mfpt.org/fault-data-sets/}
}

@article{NAB,
  title={Numenta Anomaly Benchmark (NAB)},
  author={Numenta},
  year={2020},
  publisher={https://numenta.com/machine-intelligence-technology/numenta-anomaly-benchmark/}
}

@article{Yahoo,
  title={Yahoo! Synthetic and real time-series with labeled anomalies, version 1.0},
  author={Yahoo! Webscope Program},
  publisher={https://webscope.sandbox.yahoo.com/catalog.php?datatype=i&did=67}
}

@article{DCASE,
  title={Unsupervised Detection of Anomalous Sounds for Machine Condition Monitoring},
  author={DCASE Coordinators},
  publisher={http://dcase.community/challenge2020/task-unsupervised-detection-of-anomalous-sounds#description}
}

@article{CWRU,
  title={Case Western Reserve University Bearing Data Center Website},
  author={DCASE Coordinators},
  publisher={https://csegroups.case.edu/bearingdatacenter/pages/welcome-case-western-reserve-university-bearing-data-center-website}
}

@article{12UsingAEinManufacturing,
    title = {Using an autoencoder in the design of an anomaly detector for smart manufacturing},
    journal = {Pattern Recognition Letters},
    volume = {136},
    pages = {272-278},
    year = {2020},
    issn = {0167-8655},
    doi = {https://doi.org/10.1016/j.patrec.2020.06.008},
    url = {https://www.sciencedirect.com/science/article/pii/S0167865520302269},
    author = {Antonio L. Alfeo and Mario G.C.A. Cimino and Giuseppe Manco and Ettore Ritacco and Gigliola Vaglini}
}

@article{13RealTimeDetectionUsingSequentialAutoencoder,
    author = {Bayram, Barış and Duman, Taha Berkay and Ince, Gökhan},
    title = {Real time detection of acoustic anomalies in industrial processes using sequential autoencoders},
    journal = {Expert Systems},
    volume = {38},
    number = {1},
    doi = {https://doi.org/10.1111/exsy.12564},
    url = {https://onlinelibrary.wiley.com/doi/abs/10.1111/exsy.12564},
    eprint = {https://onlinelibrary.wiley.com/doi/pdf/10.1111/exsy.12564},
    year = {2021}
}

@article{14NovelMethodEnsembleDeepAutoencoder,
    title = {A novel method for intelligent fault diagnosis of rolling bearings using ensemble deep auto-encoders},
    journal = {Mechanical Systems and Signal Processing},
    volume = {102},
    pages = {278-297},
    year = {2018},
    issn = {0888-3270},
    doi = {https://doi.org/10.1016/j.ymssp.2017.09.026},
    url = {https://www.sciencedirect.com/science/article/pii/S0888327017305034},
    author = {Haidong Shao and Hongkai Jiang and Ying Lin and Xingqiu Li},
}

@article{15DeepDenseConvAE,
  title={Deep Dense and Convolutional Autoencoders for Unsupervised Anomaly Detection in Machine Condition Sounds},
  author={Alexandrine Ribeiro and
          Luis Miguel Matos and
          Pedro José  Pereira and
          Eduardo C. Nune and
          André L. Ferreira and
          Paulo Cortez and
          André Pilastri},
  year={2020},
  publisher={Detection and Classification of Acoustic Scenes and Events}
}

@article{16LSTMDeepAutoencodersForASDtask,
  title={DCASE Challenge 2020: Unsupervised Anomalous Sound Detection of Machinery With Deep Autoencoders},
  author={Anahid Jalali and
          Alexander Schindler and
          Bernhard Haslhofer},
  year={2020},
  publisher={Detection and Classification of Acoustic Scenes and Events}
}

@article{17ConformerBasedIDAWAREAutoencoder,
  title={Conformer-Based ID-Aware Autoencoder for Unsupervised Anomalous Sound Detection},
  author={Tomoki Hayashi and
          Takenori Yoshimurar and
           Yusuke Adachi},
  year={2020},
  publisher={Detection and Classification of Acoustic Scenes and Events}
}

@article{18IDConditionedAutoEncoder,
  title={ID-Conditioned Auto-Encoder for Unsupervised Anomaly Detection},
  author={Slawomir Kapka},
  year={2020},
  publisher={Detection and Classification of Acoustic Scenes and Events}
}

@article{19DescriptionDiscussionDCASE2020,
  title={Description and Discussion on DCASE2020 Challenge Task2: Unsupervised Anomalous Sound Detection for Machine Condition Monitoring},
  author={Yuma Koizumi et al.},
  year={2020},
  publisher={Detection and Classification of Acoustic Scenes and Events}
}

@article{20MIMIIDataset,
  title={MIMII DATASET: Sound Dataset for Malfunctioning Industrial Machine Investigation and Inspection},
  author={Harsh Purohit and
          Ryo Tanabe and
          Kenji Ichige and
          Takashi Endo and
          Yuki Nikaido and
          Kaori Suefusa and
          Yohei Kawaguchi},
  year={2019},
  publisher={Detection and Classification of Acoustic Scenes and Events}
}

@article{21RobotAnomalyDetection,
author={Chen, Tingting and Liu, Xueping and Xia, Bizhong and Wang, Wei and Lai, Yongzhi},
  journal={IEEE Access}, 
  title={Unsupervised Anomaly Detection of Industrial Robots Using Sliding-Window Convolutional Variational Autoencoder}, 
  year={2020},
  volume={8},
  number={},
  pages={47072-47081},
  doi={10.1109/ACCESS.2020.2977892}
  }


@article{22SMDMachineResidualError,
  title={Residual Error Based Anomaly Detection Using Auto-Encoder in SMD Machine Sound},
  author={Dong Yul Oh and
          Il Dong Yun},
  year={2018},
  publisher={www.mdpi.com/journal/sensors - Sensors 2018, 18, 1308;}
}

@article{23SMDFared,
  title={Fast Adaptive RNN Encoder–Decoder for Anomaly Detection in SMD Assembly Machine},
  author={YeongHyeon Park and
          Il Dong Yun},
  year={2018},
  publisher={www.mdpi.com/journal/sensors - Sensors 2018, 18, 3573;}
}

@article{24ComparisonDeepAutoencodersRealTime,
  author={Meire, Maarten and Karsmakers, Peter},
  booktitle={2019 10th IEEE International Conference on Intelligent Data Acquisition and Advanced Computing Systems: Technology and Applications (IDAACS)}, 
  title={Comparison of Deep Autoencoder Architectures for Real-time Acoustic Based Anomaly Detection in Assets}, 
  year={2019},
  volume={2},
  number={},
  pages={786-790},
  doi={10.1109/IDAACS.2019.8924301}
 }


@article{25SNIPER,
  author={Koizumi, Yuma and Murata, Shin and Harada, Noboru and Saito, Shoichiro and Uematsu, Hisashi},
  booktitle={ICASSP 2019 - 2019 IEEE International Conference on Acoustics, Speech and Signal Processing (ICASSP)}, 
  title={SNIPER: Few-shot Learning for Anomaly Detection to Minimize False-negative Rate with Ensured True-positive Rate}, 
  year={2019},
  volume={},
  number={},
  pages={915-919},
  doi={10.1109/ICASSP.2019.8683667}
 }
